<record><leader>00000cas a22000007a 4500</leader><controlfield tag="001">14265229</controlfield><controlfield tag="008">860925u1851uuuutxuwr ne      0    0eng d</controlfield><datafield ind1=" " ind2=" " tag="010"><subfield code="a">sn 86089331 </subfield></datafield><datafield ind1=" " ind2=" " tag="040"><subfield code="a">PPM</subfield><subfield code="b">eng</subfield><subfield code="c">PPM</subfield><subfield code="d">OCL</subfield><subfield code="d">OCLCQ</subfield></datafield><datafield ind1=" " ind2=" " tag="042"><subfield code="a">msc</subfield></datafield><datafield ind1="0" ind2=" " tag="130"><subfield code="a">Flag of the Union (Henderson, Tex. : 1851)</subfield></datafield><datafield ind1="1" ind2="0" tag="245"><subfield code="a">Flag of the Union.</subfield></datafield><datafield ind1=" " ind2=" " tag="260"><subfield code="a">Henderson, Tex. :</subfield><subfield code="b">Messenger &amp; Armstrong</subfield></datafield><datafield ind1=" " ind2=" " tag="300"><subfield code="a">v. ;</subfield><subfield code="c">61 cm.</subfield></datafield><datafield ind1=" " ind2=" " tag="310"><subfield code="a">Weekly</subfield></datafield><datafield ind1="1" ind2=" " tag="362"><subfield code="a">Began in 1851?</subfield></datafield><datafield ind1=" " ind2=" " tag="588"><subfield code="a">Description based on: Vol. 4, no. 2 (Feb. 2, 1854).</subfield></datafield><datafield ind1=" " ind2=" " tag="752"><subfield code="a">United States</subfield><subfield code="b">Texas</subfield><subfield code="c">Rusk</subfield><subfield code="d">Henderson.</subfield></datafield></record>